@article{R-conjointmethod,
  title = {Causal Inference in Conjoint Analysis: Understanding
Multidimensional Choices via Stated Preference Experiments},
  author = {Jens Hainmueller, Daniel J. Hopkins, Teppei Yamamoto},
  year = {2014},
  journal = {Political Analysis},
  pages   = {1-30},
  month   = 1,
  volume  = 22,
  url = {https://www.cambridge.org/core/journals/political-analysis/article/causal-inference-in-conjoint-analysis-understanding-multidimensional-choices-via-stated-preference-experiments/414DA03BAA2ACE060FFE005F53EFF8C8},
}
