@article{R-yamamoto,
  title = {Identifying voter preferences for politiciansâ€™ personal attributes: a conjoint experiment in Japan},
  author = {Yusaku Horiuchi, Daniel M. Smith, Teppei Yamamoto},
  journal = {Political Science Research and Methods},
  year = {2020},
  pages   = {75-91},
  month   = 1,
  volume  = 8,
  url = {https://www-cambridge-org.ezp-prod1.hul.harvard.edu/core/journals/political-science-research-and-methods/article/identifying-voter-preferences-for-politicians-personal-attributes-a-conjoint-experiment-in-japan/95ADB2B43C5289ECFE6898B7FE776CFE},
}