@Inbook{electoral,
author="Wada, Junichiro",
editor="Colomer, Josep M.",
title="Japan: Manipulating Multi-Member Districts - from SNTV to a Mixed System",
bookTitle="The Handbook of Electoral System Choice",
year="2004",
publisher="Palgrave Macmillan UK",
address="London",
pages="512-529",
isbn="978-0-230-52274-9",
doi="10.1057/9780230522749_30",
url="https://doi.org/10.1057/9780230522749_30"
}
