@BOOK{gender,
  TITLE = {Electoral Systems in Comparative Perspective},
  SUBTITLE = {Their Impact on Women and Minorities},
  AUTHOR = {Wilma Rule, Joseph Francis Zimmerman},
  YEAR = {1994}, 
  PUBLISHER = {Greenwood Publishing Group},
}