@article{leeper,
  TITLE = {Measuring Subgroup Preferences in Conjoint Experiments},
  AUTHOR = {Thomas J. Leeper, Sara B. Hobolt, James Tilley},
  journal = {Political Analysis},
  pages   = {207-221},
  year = {2019},
  month   = 4,
  volume  = 28,
  url = {https://www-cambridge-org.ezp-prod1.hul.harvard.edu/core/journals/political-analysis/article/measuring-subgroup-preferences-in-conjoint-experiments/4F2C21AC02753F1FFF2F5EA0F943C1B2},
}