@article{R-salience,
  title = {Local Candidates and Voter Mobilization: Evidence from Historical Two-Round Elections in Norway},
  author = {Fiva JH and Smith DM},
  journal = {Electoral Studies},
  year = {2017},
  pages   = {130-140},
  month   = 2,
  volume  = 45,
  url = {https://biopen.bi.no/bi-xmlui/handle/11250/2437708},
}
